<record><leader>00000cas a2200000 a 4500</leader><controlfield tag="001">14172436</controlfield><controlfield tag="008">860902d19691994caumr n       0   a0eng c</controlfield><datafield ind1=" " ind2=" " tag="010"><subfield code="a">sn2003061302</subfield></datafield><datafield ind1=" " ind2=" " tag="040"><subfield code="a">CCX</subfield><subfield code="b">eng</subfield><subfield code="c">CCX</subfield><subfield code="d">OCL</subfield><subfield code="d">CNK</subfield><subfield code="d">OCLCQ</subfield><subfield code="d">OCLCF</subfield><subfield code="d">OCLCO</subfield></datafield><datafield ind1="1" ind2=" " tag="029"><subfield code="a">AU@</subfield><subfield code="b">000024619493</subfield></datafield><datafield ind1=" " ind2=" " tag="037"><subfield code="b">Common Talk, 10642 Morada Dr., Orange, CA, 92669.</subfield></datafield><datafield ind1=" " ind2=" " tag="042"><subfield code="a">pcc</subfield></datafield><datafield ind1=" " ind2=" " tag="043"><subfield code="a">n-us-ca</subfield></datafield><datafield ind1="0" ind2="0" tag="245"><subfield code="a">Common talk.</subfield></datafield><datafield ind1=" " ind2=" " tag="260"><subfield code="a">Orange, Calif. :</subfield><subfield code="b">Anita Bennyhoff</subfield></datafield><datafield ind1=" " ind2=" " tag="300"><subfield code="a">v. :</subfield><subfield code="b">ill. ;</subfield><subfield code="c">43 cm.</subfield></datafield><datafield ind1=" " ind2=" " tag="310"><subfield code="a">Monthly</subfield></datafield><datafield ind1="1" ind2=" " tag="362"><subfield code="a">Began in 1969.</subfield></datafield><datafield ind1="0" ind2=" " tag="362"><subfield code="a">-July 12, 1994.</subfield></datafield><datafield ind1=" " ind2=" " tag="515"><subfield code="a">Issues lack vol. and numbering designation.</subfield></datafield><datafield ind1=" " ind2=" " tag="588"><subfield code="a">Description based on: Jan. 10, 1984.</subfield></datafield><datafield ind1=" " ind2="0" tag="651"><subfield code="a">Orange (Calif.)</subfield><subfield code="v">Newspapers.</subfield></datafield><datafield ind1=" " ind2="7" tag="655"><subfield code="a">Newspapers.</subfield><subfield code="2">fast</subfield><subfield code="0">(OCoLC)fst01423814</subfield></datafield><datafield ind1=" " ind2="7" tag="651"><subfield code="a">California</subfield><subfield code="z">Orange.</subfield><subfield code="2">fast</subfield><subfield code="0">(OCoLC)fst01205490</subfield></datafield><datafield ind1=" " ind2=" " tag="752"><subfield code="a">United States</subfield><subfield code="b">California</subfield><subfield code="c">Orange</subfield><subfield code="d">Orange.</subfield></datafield><datafield ind1="0" ind2="0" tag="785"><subfield code="t">Foothills sentry</subfield><subfield code="w">(DLC)sn2003061206</subfield></datafield></record>